{1:F01BANK DANAMON}{2:ADIRA}{4:
:20:220131
:25:003637336524
:28C:00762
:60F:C220131IDR000108615574,99
:61:220131C000002882000,00NTRF60130002220131380432                    
:86:ADKUPK012621215028IB2201319305149102
:61:220131C000003112200,00NTRF60130002220131180541                    
:86:ADKUPK066921212659IB2201319548160401
:61:220131C000000000411,54NINT
:86:Credit Interest Capitalised
:61:220131D000000000082,31NTAX
:86:TAX Deducted
:62F:D220131IDR000114610104,22
-}


